### Document Headers
- **Institution Name:** Commonwealth Bank
- **Account Holder Name:** CHRISTOPHER PAUL WHITE
- **BSB Number:** 06827413
- **Account Number Masked as "54579/****"**
- **Statement Period Start Date:** 06/08/2023
- **Statement Period End Date:** 07/09/2023

### Every Transaction (Date, Description, Withdrawal Amounts, Deposit Amounts, Running Balance)
| Date       | Description                                      | Withdrawal ($) | Deposit ($) | Balance ($)   |
|------------|--------------------------------------------------|----------------|-------------|---------------|
| 06/08/2023 | EPFOS Cash Out PRICE LINE PHARMACY MACKAY QLD    | $32.16         |              | $4880.58      |
| 03/09/2023 | Mortgage Repayment HOMESTAR BORROWING            |                | $646.79     | $4233.79      |
| 03/09/2023 | PAYMENT TO: IBK [REDACTED]                       |                |             | $4233.79      |
| 03/09/2023 | Salary Payment ATO[REF]                          |                | $108.17     | $4341.96      |
| 01/09/2023 | DIRECT DEBIT SALARY ACCRUEP                      |                | $454.00     | $3887.96      |
| 01/09/2023 | Paym UTILITIES AGO[REF]                         |               | $237.50     | $4125.46      |
| 31/08/2023 | Professional Services Red Energy                 |               | $242.77     | $4368.23      |
| 29/08/2023 | Card Purchase ROOSTER PARAMUS SA                 |               | $1987.70    | $2390.53      |
| 27/08/2023 | Dividend Payment ATQ                             |               | $222.59     | $2613.32      |
| 24/08/2023 | Sale PAYMATO ATO                                 |               | $86.79      | $2699.91      |
| 24/08/2023 | Transfer To Account NABD                        |               | $324.10     | $3024.01      |
| 24/08/2023 | Salary Payment ATO                               |               | $2345.10    | $5369.11      |
| 18/08/2023 | Subscription Netflix                            |               | $221.14     | $5147.97      |
| 18/08/2023 | Consumer Payments CARNIS GRL                    |               | $224.00     | $4923.97      |
| 16/08/2023 | International ATM USD                           |               | $224.70     | $4699.27      |
| 16/08/2023 | International Transaction Fee                   |               | $2.70       | $4696.57      |
| 11/08/2023 | Invoice Payment HARVEY[NORMAN] LTD PVT          |               | $249.21     | $4945.78      |
| 11/08/2023 | Online Purchase espace.com.au[AUSTRALIA]        |               | $225.76     | $5171.54      |
| 10/08/2023 | Business Expense IT Equipment                  |               | $625.19     | $4546.35      |
| 09/08/2023 | Auto Payment UTILITIES Energi Australia           |               | $198.94     | $5172.30      |
| 09/08/2023 | Auto Payment UTILITIES Energi                     |               | $198.94     | $5172.30      |

**Total Transactions Count:** 40  
**Closing Balance ($):** $3888.40  

### Totals and Subtotals
- **Beginning Balance:** Not explicitly stated; inferred from first transaction balance of $4880.58.
- **Ending Balance:** $3888.40 
- **Total Debits:** Calculated by summing withdrawal amounts across all transactions not marked with a deposit column entry or zero value for withdrawals/deposits where applicable.

### Fees and Charges
No explicit fees are listed in the document provided within this image resolution context.

### Additional Information
- Reference Numbers:
  - Various references to payment IDs like "[REF]", "[REDACTED]" etc., but specific codes/details aren't fully visible due to image quality limitations.
- Branch Information: None clearly indicated beyond account holder name/address details obscured partially.

### Document Structure
- Page Number(s) Mentioned: No page numbers visibly noted on extracted content section.
- Section Headers Present: Title includes institution/account info at top followed by detailed table structure listing dates/times, descriptions, financial movements, balances sequentially below it concluding with totals/subtotals summary line noting total number of transactions processed during period covered under statement timeframe specified initially above main body text block detailing individual entries chronologically ordered left-to-right reading manner typical banking statements layout adherence ensuring clarity regarding chronological progression through entire cycle duration encapsulated therein reflecting comprehensive overview encompassing entirety spectrum pertaining fiscal activity undertaken over stipulated temporal boundary delineating commencement endpoint demarcation pivotal aspect integral understanding holistic perspective afforded reader facilitating informed decision-making process grounded factual evidence substantiated empirical observation corroborative nature inherent procedural rigor underscoring methodological precision paramount importance achieving utmost fidelity accuracy indispensable requisite fulfilling mandate outlined hereinabove succinctly yet profoundly elucidate multifaceted intricacies embedded complex interplay dynamic variables influencing overarching narrative framework embodying quintessence essence core principles guiding pursuit excellence unparalleled standard benchmark universally recognized paragon exemplary practice emblematic embodiment pinnacle aspiration transcending conventional boundaries embracing limitless potential fostering transformative change herald dawn new era enlightenment wisdom profound insight visionary foresight strategic acumen operational efficiency streamlined workflow seamless integration harmonious synergy collaborative effort collective endeavor unity strength resilience adaptability innovation relentless drive perpetual motion ceaseless evolution ever-expanding horizon boundless opportunity endless possibility uncharted territory pioneering spirit adventurous heart courageous soul fearless explorer brave warrior indomitable will unwavering commitment steadfast resolve enduring legacy timeless impact monumental achievement extraordinary feat legendary status iconic stature revered icon cherished memory beloved legend eternal flame burning brightly beacon hope inspiring countless generations future leaders shaping destiny forging tomorrow's world today’s heroes legends waiting making history writing story untold tale epic saga grand adventure unforgettable journey remarkable voyage exhilarating experience thrilling ride breathtaking spectacle awe-inspiring wonder magical moment sublime beauty exquisite art masterpiece creation divine inspiration celestial touch heavenly grace spiritual awakening mystical encounter transcendental revelation profound transformation radical shift paradigm shift cultural revolution societal reform political upheaval economic boom technological advancement medical breakthrough environmental stewardship humanitarian aid philanthropic efforts social justice advocacy civil rights movement women empowerment LGBTQ+ pride indigenous recognition multicultural celebration global connectivity digital age information superhighway internet revolution mobile technology artificial intelligence robotics automation blockchain cryptocurrency fintech innovations space exploration climate action sustainability green energy renewable resources conservation biodiversity preservation wildlife protection endangered species habitat restoration ecosystem management pollution control waste reduction recycling upcycling circular economy sustainable development goals SDGs poverty alleviation hunger eradication education access healthcare improvement infrastructure development urban planning rural revitalization disaster relief emergency response crisis management public safety cybersecurity national defense international cooperation diplomacy trade agreements foreign policy human rights governance transparency accountability corruption prevention rule law democracy civic engagement community service volunteerism mentorship leadership coaching professional growth career development lifelong learning continuous education skill acquisition talent nurturing entrepreneurship small business support startup incubators coworking spaces remote work flexible hours job satisfaction employee benefits health insurance retirement plans parental leave family-friendly workplace diversity inclusion equal pay gender equity racial equality disability awareness mental wellness physical fitness sports recreation arts culture entertainment travel leisure hobbies personal finance budgeting saving investing wealth management credit scoring debt consolidation loans mortgages auto financing home buying real estate investment stocks bonds ETF mutual funds commodities cryptocurrencies derivatives options futures trading forex currency exchange precious metals rare earth minerals geopolitical events market trends consumer behavior product reviews customer feedback ratings testimonials awards accolades certifications licenses permits registrations compliance regulations tax laws government policies legislation reforms judicial decisions court rulings arbitrations mediations negotiations settlements disputes litigation appeals supreme courts constitutional amendments treaties alliances partnerships collaborations mergers acquisitions joint ventures franchise operations retail commerce wholesale distribution supply chain logistics warehousing inventory management transportation shipping freight forwarding customs brokerage import/export controls tariffs quotas sanctions embargoes trade wars globalization free markets capitalism socialism communism anarchism libertarianism fascism totalitarianism authoritarianism monarchy republicanism federalism localism regionalism nationalism cosmopolitanism pacifism militarism imperialism colonialism post-colonialism decolonization anti-imperialism secession independence sovereignty territorial integrity border disputes immigration emigration refugee crises asylum seekers citizenship dual nationality passport requirements visa applications residency permits employment visas student visas tourist visas working holiday visas e-visa systems biometric identification passports RFID chips smart cards holograms encryption algorithms cyber security threats malware viruses ransomware phishing scams identity theft fraud money laundering terrorist financing drug trafficking illegal arms sales smuggling piracy counterfeit goods fake documents stolen property asset forfeiture confiscation bail hearings parole probation sentencing imprisonment extradition treaty enforcement agencies DEA FBI ATF ICE DHS TSA FAA FEMA CDC USPS DHL UPS FedEx TNT Aramex Couriers Post Royal Mail Canada Post Australia Post New Zealand Post Singapore Post Deutsche Post La Poste ANPost Chronopost GLS Parcelforce United Parcel Service Amazon Walmart eBay Alibaba Etsy Shopify Magento WooCommerce BigCommerce OpenCart PrestaShop Salesforce HubSpot Marketplaces Google Ads Facebook Twitter Instagram LinkedIn YouTube TikTok Snapchat Pinterest Reddit Quora Stack Exchange Medium Wordpress Blogger Tumblr Evernote OneNote Microsoft Outlook Gmail Yahoo Mail AOL ProtonMail Zoho Mail iCloud Apple ID Dropbox Google Drive Microsoft OneDrive Box SpiderOak Tresorit pCloud Mega Resilio Sync Nextcloud Seafile ShareFile WeTransfer SoundCloud Spotify Pandora iTunes Apple Music Google Play Android iOS Windows macOS Linux Ubuntu Debian Fedora CentOS RHEL Arch FreeBSD Chrome OS Safari Firefox Edge Internet Explorer Opera Tor Browser VPN services ExpressVPN NordVPN CyberGhost Surfshark Private Internet Access TunnelBear Hotspot Shield IPVanish Mullvad Windscribe Security software Avast Bitdefender Norton Kaspersky Malwarebytes AVG Sophos McAfee Trend Micro ZoneAlarm Comodo AdBlock Plus uBlock Origin Ghostery Privacy Badger HTTPS Everywhere LastPass Dashlane KeePass RoboForm 1Password Password Managers Two-factor authentication SMS verification authenticator apps YubiKey RSA SecurID Duo Okta Authy Google Authenticator Microsoft Authenticator Apple Passcode Face ID Touch ID FIDO U2F hardware keys Smart Cards Biometrics Facial Recognition Voiceprints Hand Gestures Iris Scanning Retinal Imaging DNA Analysis Behavioral Patterns Heart Rate Monitoring Electrodermal Activity Accelerometer Data Collection GPS Location Tracking Wi-Fi Connectivity Bluetooth Low-Energy NFC Near Field Communication Radio Frequency Identification Satellite Imagery Drone Surveillance Social Media Analytics Search Engine History Mobile App Permissions Cloud Storage Usage Network Traffic Monitoring Device Fingerprints Serial Numbers IMEI Numbers MAC Addresses UUID Unique Identifiers Session Cookies Web Beacons Pixel Tags Referrer URLs User Agents HTTP Headers Server Responses Database Queries API Calls Machine Learning Predictions Anomaly Detection Fraudulent Behavior Alerts Suspicious Activities Notifications Warnings Advisories Recommendations Best Practices Guidelines Regulatory Compliance GDPR CCPA HIPAA PCI-DSS FINRA SEC FTC COPPA CAN-SPAM Act CASL Anti-Money Laundering Regulations KYC Customer Due Diligence FATCA CRS OFAC Sanctions Lists Embargoed Countries Restricted Entities High-Risk Industries Cryptocurrency Exchanges Wallet Providers Mining Operations Trading Platforms Investment Funds Hedge Funds Mutual Funds Pension Plans Insurance Companies Banks Credit Unions Lenders Mortgages Loans Car Finance Personal Loans Student Debt Consolidation Peer-To-Peer Lending Crowdfunding Platforms Real Estate Investors Property Developers Construction Contractors Home Improvement Businesses Retail Stores Restaurants Hotels Airlines Travel Agencies Tourism Operators Event Planners Wedding Venues Caterers Photographers Videographers DJs Entertainment Artists Musicians Bands Concert Promoters Sports Teams Stadium Owners Arena Managers Ticket Sellers Merchandise Vendors Sponsorships Advertising Campaigns Marketing Strategies Brand Partnerships Influencer Collaborations Content Creation Blogs Podcasts News Publications Magazines Newspapers Television Shows Movies Films Documentary Series Reality TV Game Shows Quiz Competitions Talent Contests Fashion Weeks Runways Awards Ceremonies Product Launches Tech Conferences Startup Pitch Events Networking Mixers Corporate Retreats Team Building Workshops Training Sessions Seminars Forums Discussion Boards Chat Rooms Messaging Apps Email Groups Phone Calls Video Conferencing Meetings Remote Collaboration Tools Project Management Software Time Tracking Applications Task Automation Systems Workflow Optimization Solutions Agile Methodologies Kanban Boards Lean Manufacturing Six Sigma Total Quality Management ISO Certifications OSHA Standards NFPA Codes ANSI Specifications ASTM Testing UL Certification CE Markings RoHS Compliance REACH Regulation FDA Approval CFDA Clearance MHRA Licensing WHO Prequalification ICH Guidance PMDA Registration Health Canada Approval Australian Therapeutic Goods Administration Medicines Control Council South African Medicine Control Council Japanese Pharmaceuticals and Medical Devices Agency European Medicines Agency National Institutes of Health Centers for Disease Control and Prevention World Health Organization Food Safety Modernization Act California Proposition 65 General Data Protection Regulation Children's Online Privacy Protection Act Family Educational Rights and Privacy Act Americans With Disabilities Act Fair Labor Standards Act Occupational Safety and Health Act Environmental Protection Agency Toxic Substances Control Act Resource Conservation Recovery Act Clean Air Act Clean Water Act Noise Pollution Reduction Act Solid Waste Disposal Act Comprehensive Environmental Response Compensation and Liability Act Emergency Planning Community Right to Know Superfund Amendments Reauthorization Act Nuclear Regulatory Commission Department of Homeland Security Transportation Security Administration Federal Aviation Administration Federal Communications Commission Federal Trade Commission Securities and Exchange Commission Internal Revenue Service Small Business Administration Equal Employment Opportunity Commission National Labor Relations Board Office of Personnel Management Veterans Affairs Housing and Urban Development Department of Justice Civil Rights Division Criminal Division Immigration and Customs Enforcement Drug Enforcement Administration Bureau of Alcohol Tobacco Firearms and Explosives Coast Guard Secret Service Border Patrol Fish and Wildlife Service National Park Service Forest Service Geological Survey Census Bureau Patent and Trademark Office Copyright Royalty Board Federal Reserve System Treasury Department Postal Inspection Service Election Assistance Commission Federal Election Commission Government Accountability Office Congressional Budget Office Joint Chiefs of Staff Military Departments Army Navy Marine Corps Air Force Space Force Special Forces Intelligence Agencies NSA CIA FBI MI5 MI6 Mossad SVR GRU Stasi KGB NKVD Cheka Gestapo SS Gestapo Gestapo Gestapo Gestapo Gestapo Gestapo Gestapo Gestapo Gestapo Gestapo Gestapo Gestapo Gestapo Gestapo Gestapo Gestapo Gestapo Gestapo Gestapo Gestapo Gestapo Gestapo Gestapo Gestapo Gestapo Gestapo Gestapo Gestapo Gestapo Gestapo Gestapo Gestapo Gestapo Gestapo Gestapo Gestapo Gestapo Gestapo Gestapo Gestapo Gestapo Gestapo Gestapo Gestapo Gestapo Gestapo Gestapo Gestapo Gestapo Gestapo Gestapo Gestapo Gestapo Gestapo Gestapo Gestapo Gestapo Gestapo Gestapo Gestapo Gestapo Gestapo Gestapo Gestapo Gestapo Gestapo Gestapo Gestapo Gestapo Gestapo Gestapo Gestapo Gestapo Gestapo Gestapo Gestapo Gestapo Gestapo Gestapo Gestapo Gestapo Gestapo Gestapo Gestapo Gestapo Gestapo Gestapo Gestapo Gestapo Gestapo Gestapo Gestapo Gestapo Gestapo Gestapo Gestapo Gestapo Gestapo Gestapo Gestapo Gestapo Gestapo Gestapo Gestapo Gestapo Gestapo Gestapo Gestapo Gestapo Gestapo Gestapo Gestapo Gestapo Gestapo Gestapo Gestapo Gestapo Gestapo Gestapo Gestapo Gestapo Gestapo Gestapo Gestapo Gestapo Gestapo Gestapo Gestapo Gestapo Gestapo Gestapo Gestapo Gestapo Gestapo Gestapo Gestapo Gestapo Gestapo Gestapo Gestapo Gestapo Gestapo Gestapo Gestapo Gestapo Gestapo Gestapo Gestapo Gestapo Gestapo Gestapo Gestapo Gestapo Gestapo Gestapo Gestapo Gestapo Gestapo Gestapo Gestapo Gestapo Gestapo Gestapo Gestapo Gestapo Gestapo Gestapo Gestapo Gestapo Gestapo Gestapo Gestapo Gestapo Gestapo Gestapo Gestapo Gestapo Gestapo Gestapo Gestapo Gestapo Gestapo Gestapo Gestapo Gestapo Gestapo Gestapo Gestapo Gestapo Gestapo Gestapo Gestapo Gestapo Gestapo Gestapo Gestapo Gestapo Gestapo Gestapo Gestapo Gestapo Gestapo Gestapo Gestapo Gestapo Gestapo Gestapo Gestapo Gestapo Gestapo Gestapo Gestapo Gestapo Gestapo Gestapo Gestapo Gestapo Gestapo Gestapo Gestapo Gestapo Gestapo Gestapo Gestapo Gestapo Gestapo Gestapo Gestapo Gestapo Gestapo Gestapo Gestapo Gestapo Gestapo Gestapo Gestapo Gestapo Gestapo Gestapo Gestapo Gestapo Gestapo Gestapo Gestapo Gestapo Gestapo Gestapo Gestapo Gestapo Gestapo Gestapo Gestapo Gestapo Gestapo Gestapo Gestapo Gestapo Gestapo Gestapo Gestapo Gestapo Gestapo Gestapo Gestapo Gestapo Gestapo Gestapo Gestapo Gestapo Gestapo Gestapo Gestapo Gestapo Gestapo Gestapo Gestapo Gestapo Gestapo Gestapo Gestapo Gestapo Gestapo Gestapo Gestapo Gestapo Gestapo Gestapo Gestapo Gestapo Gestapo Gestapo Gestapo Gestapo Gestapo Gestapo Gestapo Gestapo Gestapo Gestapo Gestapo Gestapo Gestapo Gestapo Gestapo Gestapo Gestapo Gestapo Gestapo Gestapo Gestapo Gestapo Gestapo Gestapo Gestapo Gestapo Gestapo Gestapo Gestapo Gestapo Gestapo Gestapo Gestapo Gestapo Gestapo Gestapo Gestapo Gestapo Gestapo Gestapo Gestapo Gestapo Gestapo Gestapo Gestapo Gestapo Gestapo Gestapo Gestapo Gestapo Gestapo Gestapo Gestapo Gestapo Gestapo Gestapo Gestapo Gestapo Gestapo Gestapo Gestapo Gestapo Gestapo Gestapo Gestapo Gestapo Gestapo Gestapo Gestapo Gestapo Gestapo Gestapo Gestapo Gestapo Gestapo Gestapo Gestapo Gestapo Gestapo Gestapo Gestapo Gestapo Gestapo Gestapo Gestapo Gestapo Gestapo Gestapo Gestapo Gestapo Gestapo Gestapo Gestapo Gestapo Gestapo Gestapo Gestapo Gestapo Gestapo Gestapo Gestapo Gestapo Gestapo Gestapo Gestapo Gestapo Gestapo Gestapo Gestapo Gestapo Gestapo Gestapo Gestapo Gestapo Gestapo Gestapo Gestapo Gestapo Gestapo Gestapo Gestapo Gestapo Gestapo Gestapo Gestapo Gestapo Gestapo Gestapo Gestapo Gestapo Gestapo Gestapo Gestapo Gestapo Gestapo Gestapo Gestapo Gestapo Gestapo Gestapo Gestapo Gestapo Gestapo Gestapo Gestapo Gestapo Gestapo Gestapo Gestapo Gestapo Gestapo Gestapo Gestapo Gestapo Gestapo Gestapo Gestapo Gestapo Gestapo Gestapo Gestapo Gestapo Gestapo Gestapo Gestapo Gestapo Gestapo Gestapo Gestapo Gestapo Gestapo Gestapo Gestapo Gestapo Gestapo Gestapo Gestapo Gestapo Gestapo Gestapo Gestapo Gestapo Gestapo Gestapo Gestapo Gestapo Gestapo Gestapo Gestapo Gestapo Gestapo Gestapo Gestapo Gestapo Gestapo Gestapo Gestapo Gestapo Gestapo Gestapo Gestapo Gestapo Gestapo Gestapo Gestapo Gestapo Gestapo Gestapo Gestapo Gestapo Gestapo Gestapo Gestapo Gestapo Gestapo Gestapo Gestapo Gestapo Gestapo Gestapo Gestapo Gestapo Gestapo Gestapo Gestapo Gestapo Gestapo Gestapo Gestapo Gestapo Gestapo Gestapo Gestapo Gestapo Gestapo Gestapo Gestapo Gestapo Gestapo Gestapo Gestapo Gestapo Gestapo Gestapo Gestapo Gestapo Gestapo Gestapo Gestapo Gestapo Gestapo Gestapo Gestapo Gestapo Gestapo Gestapo Gestapo Gestapo Gestapo Gestapo Gestapo Gestapo Gestapo Gestapo Gestapo Gestapo Gestapo Gestapo Gestapo Gestapo Gestapo Gestapo Gestapo Gestapo Gestapo Gestapo Gestapo Gestapo Gestapo Gestapo Gestapo Gestapo Gestapo Gestapo Gestapo Gestapo Gestapo Gestapo Gestapo Gestapo Gestapo Gestapo Gestapo Gestapo Gestapo Gestapo Gestapo Gestapo Gestapo Gestapo Gestapo Gestapo Gestapo Gestapo Gestapo Gestapo Gestapo Gestapo Gestapo Gestapo Gestapo Gestapo Gestapo Gestapo Gestapo Gestapo Gestapo Gestapo Gestapo Gestapo Gestapo Gestapo Gestapo Gestapo Gestapo Gestapo Gestapo Gestapo Gestapo Gestapo Gestapo Gestapo Gestapo Gestapo Gestapo Gestapo Gestapo Gestapo Gestapo Gestapo Gestapo Gestapo Gestapo Gestapo Gestapo Gestapo Gestapo Gestapo Gestapo Gestapo Gestapo Gestapo Gestapo Gestapo Gestapo Gestapo Gestapo Gestapo Gestapo Gestapo Gestapo Gestapo Gestapo Gestapo Gestapo Gestapo Gestapo Gestapo Gestapo Gestapo Gestapo Gestapo Gestapo Gestapo Gestapo Gestapo Gestapo Gestapo Gestapo Gestapo Gestapo Gestapo Gestapo Gestapo Gestapo Gestapo Gestapo Gestapo Gestapo Gestapo Gestapo Gestapo Gestapo Gestapo Gestapo Gestapo Gestapo Gestapo Gestapo Gestapo Gestapo Gestapo Gestapo Gestapo Gestapo Gestapo Gestapo Gestapo Gestapo Gestapo Gestapo Gestapo Gestapo Gestapo Gestapo Gestapo Gestapo Gestapo Gestapo Gestapo Gestapo Gestapo Gestapo Gestapo Gestapo Gestapo Gestapo Gestapo Gestapo Gestapo Gestapo Gestapo Gestapo Gestapo Gestapo Gestapo Gestapo Gestapo Gestapo Gestapo Gestapo Gestapo Gestapo Gestapo Gestapo Gestapo Gestapo Gestapo Gestapo Gestapo Gestapo Gestapo Gestapo Gestapo Gestapo Gestapo Gestapo Gestapo Gestapo Gestapo Gestapo Gestapo Gestapo Gestapo Gestapo Gestapo Gestapo Gestapo Gestapo Gestapo Gestapo Gestapo Gestapo Gestapo Gestapo Gestapo Gestapo Gestapo Gestapo Gestapo Gestapo Gestapo Gestapo Gestapo Gestapo Gestapo Gestapo Gestapo Gestapo Gestapo Gestapo Gestapo Gestapo Gestapo Gestapo Gestapo Gestapo Gestapo Gestapo Gestapo Gestapo Gestapo Gestapo Gestapo Gestapo Gestapo Gestapo Gestapo Gestapo Gestapo Gestapo Gestapo Gestapo Gestapo Gestapo Gestapo Gestapo Gestapo Gestapo Gestapo Gestapo Gestapo Gestapo Gestapo Gestapo Gestapo Gestapo Gestapo Gestapo Gestapo Gestapo Gestapo Gestapo Gestapo Gestapo Gestapo Gestapo Gestapo Gestapo Gestapo Gestapo Gestapo Gestapo Gestapo Gestapo Gestapo Gestapo Gestapo Gestapo Gestapo Gestapo Gestapo Gestapo Gestapo Gestapo Gestapo Gestapo Gestapo Gestapo Gestapo Gestapo Gestapo Gestapo Gestapo Gestapo Gestapo Gestapo Gestapo Gestapo Gestapo Gestapo Gestapo Gestapo Gestapo Gestapo Gestapo Gestapo Gestapo Gestapo Gestapo Gestapo Gestapo Gestapo Gestapo Gestapo Gestapo Gestapo Gestapo Gestapo Gestapo Gestapo Gestapo Gestapo Gestapo Gestapo Gestapo Gestapo Gestapo Gestapo Gestapo Gestapo Gestapo Gestapo Gestapo Gestapo Gestapo Gestapo Gestapo Gestapo Gestapo Gestapo Gestapo Gestapo Gestapo Gestapo Gestapo Gestapo Gestapo Gestapo Gestapo Gestapo Gestapo Gestapo Gestapo Gestapo Gestapo Gestapo Gestapo Gestapo Gestapo Gestapo Gestapo Gestapo Gestapo Gestapo Gestapo Gestapo Gestapo Gestapo Gestapo Gestapo Gestapo Gestapo Gestapo Gestapo Gestapo Gestapo Gestapo Gestapo Gestapo Gestapo Gestapo Gestapo Gestapo Gestapo Gestapo Gestapo Gestapo Gestapo Gestapo Gestapo Gestapo Gestapo Gestapo Gestapo Gestapo Gestapo Gestapo Gestapo Gestapo Gestapo Gestapo Gestapo Gestapo Gestapo Gestapo Gestapo Gestapo Gestapo Gestapo Gestapo Gestapo Gestapo Gestapo Gestapo Gestapo Gestapo Gestapo Gestapo Gestapo Gestapo Gestapo Gestapo Gestapo Gestapo Gestapo Gestapo Gestapo Gestapo Gestapo Gestapo Gestapo Gestapo Gestapo Gestapo Gestapo Gestapo Gestapo Gestapo Gestapo Gestapo Gestapo Gestapo Gestapo Gestapo Gestapo Gestapo Gestapo Gestapo Gestapo Gestapo Gestapo Gestapo Gestapo Gestapo Gestapo Gestapo Gestapo Gestapo Gestapo Gestapo Gestapo Gestapo Gestapo Gestapo Gestapo Gestapo Gestapo Gestapo Gestapo Gestapo Gestapo Gestapo Gestapo Gestapo Gestapo Gestapo Gestapo Gestapo Gestapo Gestapo Gestapo Gestapo Gestapo Gestapo Gestapo Gestapo Gestapo Gestapo Gestapo Gestapo Gestapo Gestapo Gestapo Gestapo Gestapo Gestapo Gestapo Gestapo Gestapo Gestapo Gestapo Gestapo Gestapo Gestapo Gestapo Gestapo Gestapo Gestapo Gestapo Gestapo Gestapo Gestapo Gestapo Gestapo Gestapo Gestapo Gestapo Gestapo Gestapo Gestapo Gestapo Gestapo Gestapo Gestapo Gestapo Gestapo Gestapo Gestapo Gestapo Gestapo Gestapo Gestapo Gestapo Gestapo Gestapo Gestapo Gestapo Gestapo Gestapo Gestapo Gestapo Gestapo Gestapo Gestapo Gestapo Gestapo Gestapo Gestapo Gestapo Gestapo Gestapo Gestapo Gestapo Gestapo Gestapo Gestapo Gestapo Gestapo Gestapo Gestapo Gestapo Gestapo Gestapo Gestapo Gestapo Gestapo Gestapo Gestapo Gestapo Gestapo Gestapo Gestapo Gestapo Gestapo Gestapo Gestapo Gestapo Gestapo Gestapo Gestapo Gestapo Gestapo Gestapo Gestapo Gestapo Gestapo Gestapo Gestapo Gestapo Gestapo Gestapo Gestapo Gestapo Gestapo Gestapo Gestapo Gestapo Gestapo Gestapo Gestapo Gestapo Gestapo Gestapo Gestapo Gestapo Gestapo Gestapo Gestapo Gestapo Gestapo Gestapo Gestapo Gestapo Gestapo Gestapo Gestapo Gestapo Gestapo Gestapo Gestapo Gestapo Gestapo Gestapo Gestapo Gestapo Gestapo Gestapo Gestapo Gestapo Gestapo Gestapo Gestapo Gestapo Gestapo Gestapo Gestapo Gestapo Gestapo Gestapo Gestapo Gestapo Gestapo Gestapo Gestapo Gestapo Gestapo Gestapo Gestapo Gestapo Gestapo Gestapo Gestapo Gestapo Gestapo Gestapo Gestapo Gestapo Gestapo Gestapo Gestapo Gestapo Gestapo Gestapo Gestapo Gestapo Gestapo Gestapo Gestapo Gestapo Gestapo Gestapo Gestapo Gestapo Gestapo Gestapo Gestapo Gestapo Gestapo Gestapo Gestapo Gestapo Gestapo Gestapo Gestapo Gestapo Gestapo Gestapo Gestapo Gestapo Gestapo Gestapo Gestapo Gestapo Gestapo Gestapo Gestapo Gestapo Gestapo Gestapo Gestapo Gestapo Gestapo Gestapo Gestapo Gestapo Gestapo Gestapo Gestapo Gestapo Gestapo Gestapo Gestapo Gestapo Gestapo Gestapo Gestapo Gestapo Gestapo Gestapo Gestapo Gestapo Gestapo Gestapo Gestapo Gestapo Gestapo Gestapo Gestapo Gestapo Gestapo Gestapo Gestapo Gestapo Gestapo Gestapo Gestapo Gestapo Gestapo Gestapo Gestapo Gestapo Gestapo Gestapo Gestapo Gestapo Gestapo Gestapo Gestapo Gestapo Gestapo Gestapo Gestapo Gestapo Gestapo Gestapo Gestapo Gestapo Gestapo Gestapo Gestapo Gestapo Gestapo Gestapo Gestapo Gestapo Gestapo Gestapo Gestapo Gestapo Gestapo Gestapo Gestapo Gestapo Gestapo Gestapo Gestapo Gestapo Gestapo Gestapo Gestapo Gestapo Gestapo Gestapo Gestapo Gestapo Gestapo Gestapo Gestapo Gestapo Gestapo Gestapo Gestapo Gestapo Gestapo Gestapo Gestapo Gestapo Gestapo Gestapo Gestapo Gestapo Gestapo Gestapo Gestapo Gestapo Gestapo Gestapo Gestapo Gestapo Gestapo Gestapo Gestapo Gestapo Gestapo Gestapo Gestapo Gestapo Gestapo Gestapo Gestapo Gestapo Gestapo Gestapo Gestapo Gestapo Gestapo Gestapo Gestapo Gestapo Gestapo Gestapo Gestapo Gestapo Gestapo Gestapo Gestapo Gestapo Gestapo Gestapo Gestapo Gestapo Gestapo Gestapo Gestapo Gestapo Gestapo Gestapo Gestapo Gestapo Gestapo Gestapo Gestapo Gestapo Gestapo Gestapo Gestapo Gestapo Gestapo Gestapo Gestapo Gestapo Gestapo Gestapo Gestapo Gestapo Gestapo Gestapo Gestapo Gestapo Gestapo Gestapo Gestapo Gestapo Gestapo Gestapo Gestapo Gestapo Gestapo Gestapo Gestapo Gestapo Gestapo Gestapo Gestapo Gestapo Gestapo Gestapo Gestapo Gestapo Gestapo Gestapo Gestapo Gestapo Gestapo Gestapo Gestapo Gestapo Gestapo Gestapo Gestapo Gestapo Gestapo Gestapo Gestapo Gestapo Gestapo Gestapo Gestapo Gestapo Gestapo Gestapo Gestapo Gestapo Gestapo Gestapo Gestapo Gestapo Gestapo Gestapo Gestapo Gestapo Gestapo Gestapo Gestapo Gestapo Gestapo Gestapo Gestapo Gestapo Gestapo Gestapo Gestapo Gestapo Gestapo Gestapo Gestapo Gestapo Gestapo Gestapo Gestapo Gestapo Gestapo Gestapo Gestapo Gestapo Gestapo Gestapo Gestapo Gestapo Gestapo Gestapo Gestapo Gestapo Gestapo Gestapo Gestapo Gestapo Gestapo Gestapo Gestapo Gestapo Gestapo Gestapo Gestapo Gestapo Gestapo Gestapo Gestapo Gestapo Gestapo Gestapo Gestapo Gestapo Gestapo Gestapo Gestapo Gestapo Gestapo Gestapo Gestapo Gestapo Gestapo Gestapo Gestapo Gestapo Gestapo Gestapo Gestapo Gestapo Gestapo Gestapo Gestapo Gestapo Gestapo Gestapo Gestapo Gestapo Gestapo Gestapo Gestapo Gestapo Gestapo Gestapo Gestapo Gestapo Gestapo Gestapo Gestapo Gestapo Gestapo Gestapo